@misc{digaverzeichnis,
	title = {DiGA Verzeichnis},
	url = {https://diga.bfarm.de/de/verzeichnis},
	urldate = {2021-03-20}
}

@misc{digadetailansicht,
	title = {DiGA Verzeichnis - Detailansicht},
	url = {https://diga.bfarm.de/de/verzeichnis/315},
	urldate = {2021-03-20}
}

@misc{digafachkreise,
	title = {DiGA Verzeichnis - Informationsseite für Fachkreise},
	url = {https://diga.bfarm.de/de/verzeichnis/315/fachkreise},
	urldate = {2021-03-20}
}

@misc{verordnung,
	title = {DIGAV Verordnung},
	url = {https://www.bgbl.de/xaver/bgbl/text.xav?SID=&tf=xaver.component.Text_0&tocf=&qmf=&hlf=xaver.component.Hitlist_0&bk=bgbl&start=%2F%2F*%5B%40node_id%3D%27818090%27%5D&skin=pdf&tlevel=-2&nohist=1},
	urldate = {2021-03-20}
}

@misc{leitfadenfasttrack,
	title = {Leitfaden Fast-Track-Verfahren},
	url = {https://www.bfarm.de/SharedDocs/Downloads/DE/Service/Beratungsverfahren/DiGA-Leitfaden.pdf?__blob=publicationFile&v=8},
	urldate = {2021-03-20}
}

@misc{digahersteller,
	title = {DiGA Infromationsseite - Hersteller},
	url = {https://diga.bfarm.de/de/diga-hersteller},
	urldate = {2021-03-20}
}

@misc{digaLeistungserbringer,
	title = {DiGA Infromationsseite - Leistungserbringer},
	url = {https://diga.bfarm.de/de/leistungserbringer},
	urldate = {2021-03-20}
}

@misc{digaNutzer,
title = {DiGA Infromationsseite - Nutzer},
url = {https://diga.bfarm.de/de/diga-nutzer},
urldate = {2021-04-17}
}

@misc{bfarm,
	title = {Online-Präsenz - Bundesinstitut für Arzneimittel und Medizinprodukte},
	url = {https://diga.bfarm.de/de},
	urldate = {2021-03-20}
}

@misc{bekanntmachungen061020,
	title = {Bundesanzeiger - Bekanntmachungen vom 06.10.2020},
	url = {https://diga.bfarm.de/assets/documents/201006_BfArM_Bekanntmachung-DiGA-1.pdf},
	urldate = {2021-03-27}
}

@misc{bekanntmachungen291220,
	title = {Bundesanzeiger - Bekanntmachungen vom 06.10.2020},
	url = {https://diga.bfarm.de/assets/documents/201229_BfArM_Bekanntmachung-DiGA-2.pdf},
	urldate = {2021-03-27}
}

@misc{enterpriseArchitect,
title = {Enterprise Architect - Modellierungstool},
url = {https://www.sparxsystems.de/uml/neweditions/},
urldate = {2021-04-17}
}

@misc{angular,
	title = {Angular - Weppapp Framework},
	url = {https://angular.io/},
	urldate = {2021-04-17}
}

@misc{angularmaterial,
	title = {Angular Material - Angular UI Library},
	url = {https://angular.io/},
	urldate = {2021-04-17}
}

@misc{jspdf,
	title = {JsPDF - Library zur Generierung von PDFs},
	url = {https://artskydj.github.io/jsPDF/docs/index.html},
	urldate = {2021-04-17}
}

@misc{npm,
	title = {NPM - Node Package Manager},
	url = {https://www.npmjs.com/},
	urldate = {2021-04-17}
}

@misc{firebase,
	title = {Firebase},
	url = {https://firebase.google.com/},
	urldate = {2021-04-17}
}

@misc{angularfire,
	title = {AngularFire},
	url = {https://www.npmjs.com/package/@angular/fire},
	urldate = {2021-04-17}
}